@article{p4_iot-paper,
title = {{High-speed data-plane packet aggregation and disaggregation by P4 switches}},
journal = "Journal of Network and Computer Applications",
year = "2019",
doi = "https://doi.org/10.1016/j.jnca.2019.05.008",
url = "https://www.sciencedirect.com/science/article/pii/S1084804519301687",
author = "Shie-Yuan Wang, Chia-Ming Wu, Yi-Bing Linm and Ching-Chun Huang"
}

@ARTICLE{8470257, 
author={M. {Uddin} and S. {Mukherjee} and H. {Chang} and T. V. {Lakshman}}, 
journal={IEEE Journal on Selected Areas in Communications}, 
title={SDN-Based Multi-Protocol Edge Switching for IoT Service Automation}, 
year={2018}, 
volume={36}, 
number={12}, 
pages={2775-2786}, 
keywords={Bluetooth;cloud computing;Internet of Things;IP networks;peer-to-peer computing;protocols;software defined networking;IoT protocols;Bluetooth low energy;Muppet;SDN-based multiprotocol edge switching;IoT service automation;edge-based multiprotocol architecture;centralized SDN control;cloud-centric approaches;peer-to-peer approach;cross-protocol automation;IoT devices;Internet of Things;P4-based switch;IP;Zigbee;Switches;Software defined networking;Peer-to-peer computing;Cloud computing;ZigBee;Logic gates;Scalability;Protocol independent;SDN;IoT;BLE;Zigbee;P4}, 
doi={10.1109/JSAC.2018.2871325}, 
ISSN={0733-8716}, 
month={Dec},}

@ARTICLE{8651200, 
author={F. {Paolucci} and F. {Civerchia} and A. {Sgambelluri} and A. {Giorgetti} and F. {Cugini} and P. {Castoldi}}, 
journal={IEEE/OSA Journal of Optical Communications and Networking}, 
title={P4 Edge node enabling stateful traffic engineering and cyber security}, 
year={2019}, 
volume={11}, 
number={1}, 
pages={A84-A95}, 
keywords={Optical switches;Hardware;Nonhomogeneous media;Protocols;Field programmable gate arrays;Quality of service;BMV2;Cybersecurity;Edge node;Flowlet;Multilayer;NetFPGA;Optical bypass;P4;SDN;SYN flood;Token bucket;Traffic engineering}, 
doi={}, 
ISSN={1943-0620}, 
month={Jan},}
